@book{sommerville2020engineering,
  title     = {Engineering software products},
  author    = {Sommerville, Ian},
  volume    = {355},
  year      = {2020},
  publisher = {Pearson London}
}

@article{hoofnagle2019european,
  title     = {The European Union general data protection regulation: what it is and what it means},
  author    = {Hoofnagle, Chris Jay and Van Der Sloot, Bart and Borgesius, Frederik Zuiderveen},
  journal   = {Information \& Communications Technology Law},
  volume    = {28},
  number    = {1},
  pages     = {65--98},
  year      = {2019},
  publisher = {Taylor \& Francis}
}

@article{montag2019addictive,
  title     = {Addictive features of social media/messenger platforms and freemium games against the background of psychological and economic theories},
  author    = {Montag, Christian and Lachmann, Bernd and Herrlich, Marc and Zweig, Katharina},
  journal   = {International journal of environmental research and public health},
  volume    = {16},
  number    = {14},
  pages     = {2612},
  year      = {2019},
  publisher = {MDPI}
}

@article{bek2014study,
  title  = {A Study on how Notes and Lists Integrates with a Group Calendar},
  author = {Bek, Alex M and Nielsen, Peter A and Nielsen, Thorbj{\o}rn K},
    year = {2014}
}