@book{sommerville2020engineering,
  title     = {Engineering software products},
  author    = {Sommerville, Ian},
  volume    = {355},
  year      = {2020},
  publisher = {Pearson London}
}
